@misc{refactorerlSecurity,
  author    = "Baranyai Brigitta",
  title     = "Funkcionális nyelvek és a statikus kódelemzéssel támogatott biztonságos szoftverfejlesztés",
  address   = "Budapest",
  year      = 2020,
  howpublished = "TDK dolgozat"
}

@misc{vscodeCodeActionUserGuide,
  title = {Visual Studio Code felhasználói útmató a kódakciókról},
  howpublished = {\url{https://code.visualstudio.com/docs/editor/refactoring#_code-actions-quick-fixes-and-refactorings}},
  note = {Elérés dátuma: 2022-05-10}
}

@online{microsoftLSp,
  title = {Microsoft Language Server Protocol hivatalos weboldala},
  url = {https://microsoft.github.io/language-server-protocol/},
  urldate = {2022-05-10}
}

@online{erlangLsConfig,
  title = {Erlang LS | Configuration},
  url = {https://erlang-ls.github.io/configuration/},
  urldate = {2022-05-13}
}

@online{homebrew,
  title = {Homebrew csomagkezelő honlapja},
  url = {https://formulae.brew.sh/},
  urldate = {2022-05-10}
}

@online{erlangDownloads,
  title = {Erlang hivatlos oldala, letöltések menüpont},
  url = {https://www.erlang.org/downloads/},
  urldate = {2022-05-10}
}

@online{gnuGcc,
  title = {GNU/GCC fordító hivatalos oldala},
  url = {http://gcc.gnu.org/},
  urldate = {2022-05-10}
}

@online{graphviz,
  title = {GraphViz weboldala},
  url = {https://graphviz.org/},
  urldate = {2022-05-10}
}

@online{refactorErlWebsite,
  title = {RefactorErl honlapja},
  url = {https://plc.inf.elte.hu/erlang/},
  urldate = {2022-05-10}
}

@online{yawsGithub,
  title = {Yaws webszerver GitHub oldala},
  url = {https://github.com/erlyaws/yaws/},
  urldate = {2022-05-10}
}

@online{vscodeWebsite,
  title = {Visual Studio Code Weboldala},
  url = {https://code.visualstudio.com/},
  urldate = {2022-05-10}
}

@online{referlWiki,
  title = {Refactor Erl Wiki},
  url = {http://pnyf.inf.elte.hu/trac/refactorerl/wiki/},
  urldate = {2022-05-25}
}

@online{referlWikiFileManagement,
  title = {Refactor Erl Wiki: Managing your files and applications (Fájlok és applikációk kezelése)},
  url = {http://pnyf.inf.elte.hu/trac/refactorerl/wiki/ManagingFiles/},
  urldate = {2022-05-10}
}

@online{referlWikiSemanticQuery,
  title = {Refactor Erl Wiki: Semantic Query},
  url = {http://pnyf.inf.elte.hu/trac/refactorerl/wiki/SemanticQuery/},
  urldate = {2022-05-10}
}

@online{referlWikiDependency,
  title = {Refactor Erl Wiki: Dependency analysis},
  url = {http://pnyf.inf.elte.hu/trac/refactorerl/wiki/Dependency/},
  urldate = {2022-05-25}
}





@online{wikipediaTS,
  title = {Wikipedia: TypeScript},
  url = {https://en.wikipedia.org/wiki/TypeScript/},
  urldate = {2022-05-16}
}

@online{webpageTS,
  title = {TypeScript hivatalos weboldala},
  url = {https://www.typescriptlang.org/},
  urldate = {2022-05-10}
}

@online{wikipediaVSCODE,
  title = {Wikipedia: Visual Studio Code},
  url = {https://en.wikipedia.org/wiki/Visual_Studio_Code/},
  urldate = {2022-05-16}
}


@book{distributedSystems,
	author = {Maarten van Steen Andrew S. Tanenbaum},
	title = {Distributed Systems},
	year = {2020},
	isbn = {978-90-815406-2-9},
	edition = {Third edition Version 3.03},
	publisher = {Maarten van Steen},
}

@inproceedings{macs10paper,
  title = {1st order flow analysis for Erlang},
  author = {Tóth, M. and Bozó, I. and Horváth, Z. and Tejfel, M.},
  booktitle = {Proceedings of 8th Joint Conference on Mathematics and Computer Science, ISBN 978-963-9056-38-1},
  address = {Komárno, Slovakia},
  month = {July},
  pages = {403--416},
  year = {2010}
}

@misc{cefp11paper,
  title = {Static Analysis of Complex Software Systems Implemented in Erlang},
  author = {Tóth, M. and Bozó, I.},
  year = {2012},
  howpublished = {Central European Functional Programming Summer School – Fourth Summer School, CEFP 2011, Revisited Selected Lectures, Lecture Notes in Computer Science (LNCS), Vol. 7241, pp. 451-514, Springer-Verlag, ISSN: 0302-9743}
}

@misc{actaelect11,
  title = {Static Analysis Based Support for Program Comprehension in Erlang,},
  author = {Tóth, M. and Bozó, I. and Kőszegi, J. and Horváth, Z.},
  howpublished = {In Acta Electrotechnica et Informatica, Volume 11, Number 03, October 2011. Publisher: Versita, Warsaw, ISSN 1335-8243 (print), ISSN 1338-3957 (online), pages 3-10}
}

@online{websocketWikipedia,
  title = {Web Socket Wikipédia szócikk},
  url = {https://en.wikipedia.org/wiki/WebSocket/},
  urldate = {2022-05-25}
}





















@book{zacharyYawsBook,
	author = {Zachary Kessin},
	title = {Building Web Applications with Erlang},
	year = {2012},
	isbn = {978-1-449-30996-1},
	edition = {1st},
	publisher = {O'Reilly Media},
}


@book{erlangBook,
	author = {Francesco Cesarini, Simon Thompson},
	title = {Erlang Programming},
	year = {2009},
	isbn = {978-0-596-51818-9},
	edition = {1st},
	publisher = {O'Reilly Media},
}















